%% LaTeX2e file `"SOFT354 - Ben Lancaster 10424877".bib'
%% generated by the `filecontents' environment
%% from source `"SOFT354 - Ben Lancaster 10424877"' on 2018/01/24.
%%
@online{wikipedia:dft,
  author = {MultiMedia LLC},
  title = {{MS Windows NT} Kernel Description},
  year = 1999,
  url = {http://web.archive.org/web/20080207010024/http://www.808multimedia.com/winnt/kernel.htm},
  urldate = {2010-09-30}
}
@book{1,
title={Book},
author={Author}
}
