%% LaTeX2e file `soft354_bib.bib'
%% generated by the `filecontents' environment
%% from source `"SOFT354 - Ben Lancaster 10424877"' on 2018/01/24.
%%
@online{wikipedia:dft,
  author = {Wikipedia},
  title = {Discrete Fourier transform},
  year = 2018,
  url = {https://en.wikipedia.org/wiki/Discrete\_Fourier\_transform},
  urldate = {2018-01-15}
}
@online{server:gpu,
  author = {Amazon AWS},
  title = {Introducing Amazon EC2 P2 Instances, the largest GPU-Powered virtual machine in the cloud},
  year = 2018,
  url = {https://aws.amazon.com/about-aws/whats-new/2016/09/introducing-amazon-ec2-p2-instances-the-largest-gpu-powered-virtual-machine-in-the-cloud/},
  urldate = {2016-09-26}
}
@Book{fft_adv_dis,
author = {James S. Walker},
title = {Fast Fourier Transforms},
publisher = {CRC Press},
year = {1996},
OPTedition = {2}
}
@misc{arndt2002algorithms,
  title={Algorithms For Programmers},
  author={Arndt, J{\"o}rg},
  year = 2002
}

